<record><leader>00000cas a22000007a 4500</leader><controlfield tag="001">12895062</controlfield><controlfield tag="008">851211d18811884iaudn ne      0    0eng d</controlfield><datafield ind1=" " ind2=" " tag="010"><subfield code="a">sn 85049848 </subfield></datafield><datafield ind1=" " ind2=" " tag="040"><subfield code="a">INP</subfield><subfield code="b">eng</subfield><subfield code="c">INP</subfield><subfield code="d">OCLCQ</subfield></datafield><datafield ind1=" " ind2=" " tag="042"><subfield code="a">msc</subfield></datafield><datafield ind1="0" ind2=" " tag="130"><subfield code="a">Daily nonpareil (Council Bluffs, Iowa : 1881)</subfield></datafield><datafield ind1="1" ind2="4" tag="245"><subfield code="a">The daily nonpareil.</subfield></datafield><datafield ind1=" " ind2=" " tag="260"><subfield code="a">Council Bluffs, Iowa :</subfield><subfield code="b">[s.n.],</subfield><subfield code="c">1881-1884.</subfield></datafield><datafield ind1=" " ind2=" " tag="300"><subfield code="a">4 v. :</subfield><subfield code="b">ill. (chiefly advertisements)</subfield></datafield><datafield ind1=" " ind2=" " tag="310"><subfield code="a">Daily (except Monday)</subfield></datafield><datafield ind1="0" ind2=" " tag="362"><subfield code="a">Vol. 20, no. 183 (Aug. 3, 1881)-v. 23, no. 94 (Apr. 20, 1884).</subfield></datafield><datafield ind1=" " ind2=" " tag="752"><subfield code="a">United States</subfield><subfield code="b">Iowa</subfield><subfield code="c">Pottawattamie</subfield><subfield code="d">Council Bluffs.</subfield></datafield><datafield ind1="0" ind2=" " tag="775"><subfield code="t">Council Bluffs weekly nonpareil</subfield><subfield code="w">(DLC)sn 85049846</subfield><subfield code="g">Aug. 3, 1881-Sept. 27, 1883</subfield></datafield><datafield ind1="0" ind2=" " tag="775"><subfield code="t">Weekly nonpareil</subfield><subfield code="w">(DLC)sn 85049847</subfield><subfield code="g">Oct. 4, 1883-Apr. 20, 1884</subfield></datafield><datafield ind1="0" ind2="0" tag="780"><subfield code="t">Council Bluffs daily nonpareil (Council Bluffs, Iowa : 1873)</subfield><subfield code="w">(DLC)sn 84027097</subfield></datafield><datafield ind1="0" ind2="0" tag="785"><subfield code="t">Council Bluffs daily nonpareil (Council Bluffs, Iowa : 1884)</subfield><subfield code="w">(DLC)sn 85049849</subfield></datafield></record>